<?xml version="1.0" encoding="UTF-8"?>
<collection xmlns:xsi="http://www.w3.org/2001/XMLSchema-instance" xsi:schemaLocation="http://www.loc.gov/MARC21/slim http://www.loc.gov/standards/marcxml/schema/MARC21slim.xsd" xmlns="http://www.loc.gov/MARC21/slim">
<record>
  <leader>01207cam a2200265   4500</leader>
  <controlfield tag="001">2664195</controlfield>
  <controlfield tag="003">NNC</controlfield>
  <controlfield tag="005">20130425142915.0</controlfield>
  <controlfield tag="008">900515r1940uuuuua            000 0 arar </controlfield>
  <datafield tag="010" ind1=" " ind2=" ">
    <subfield code="a">   78962476 /NE</subfield>
  </datafield>
  <datafield tag="035" ind1=" " ind2=" ">
    <subfield code="a">(OCoLC)ocm21540347</subfield>
  </datafield>
  <datafield tag="035" ind1=" " ind2=" ">
    <subfield code="9">ARB1711CU</subfield>
  </datafield>
  <datafield tag="035" ind1=" " ind2=" ">
    <subfield code="a">(NNC)2664195</subfield>
  </datafield>
  <datafield tag="040" ind1=" " ind2=" ">
    <subfield code="a">DLC</subfield>
    <subfield code="c">WAU</subfield>
    <subfield code="d">ZCU</subfield>
  </datafield>
  <datafield tag="090" ind1=" " ind2=" ">
    <subfield code="a">K</subfield>
    <subfield code="b">.S57 1970</subfield>
  </datafield>
  <datafield tag="100" ind1="1" ind2=" ">
    <subfield code="a">Shaʻrānī, ʻAbd al-Wahhāb ibn Aḥmad,</subfield>
    <subfield code="d">approximately 1493-1565 or 1566.</subfield>
  </datafield>
  <datafield tag="245" ind1="1" ind2="3">
    <subfield code="a">al-Mīzān al-kubrá,</subfield>
    <subfield code="c">taʾlīf Abī al-Muwāhib ʻAbd al-Wahhāb ibn Aḥmad ibn ʻAlī al-Anṣārī al-Shāfiʻī al-Miṣrī al-maʻrūf bi-al-Shaʻrānī. Wa-biʻhāmishihi: Raḥmat al-ummah fī ikhtilāf al-aʾimmah, li-Abī ʻAbd Allāh Muḥammad ibn ʻAbd al-Raḥmān al-Dimashqī al-ʻUthmānī al-Shāfiʻī.</subfield>
  </datafield>
  <datafield tag="250" ind1=" " ind2=" ">
    <subfield code="a">al-Ṭabʻah 1.</subfield>
  </datafield>
  <datafield tag="260" ind1=" " ind2=" ">
    <subfield code="a">Miṣr,</subfield>
    <subfield code="b">Muṣṭafá al-Bābī al-Ḥalabī</subfield>
    <subfield code="c">[1940]</subfield>
  </datafield>
  <datafield tag="300" ind1=" " ind2=" ">
    <subfield code="a">2 v. in 1</subfield>
    <subfield code="c">28 cm.</subfield>
  </datafield>
  <datafield tag="500" ind1=" " ind2=" ">
    <subfield code="a">Reprint.</subfield>
  </datafield>
  <datafield tag="650" ind1=" " ind2="0">
    <subfield code="a">Islamic law.</subfield>
  </datafield>
  <datafield tag="700" ind1="1" ind2="2">
    <subfield code="a">ʻUthmānī, Muḥammad ibn ʻAbd al-Raḥmān,</subfield>
    <subfield code="d">active 1378.</subfield>
    <subfield code="t">Raḥmat al-ummah fī ikhtilāf al-aʻimmah.</subfield>
    <subfield code="f">1940.</subfield>
  </datafield>
  <datafield tag="740" ind1="0" ind2="1">
    <subfield code="a">Raḥmat al-ummah fī ikhtilāf al-aʾimmah.</subfield>
  </datafield>
  <datafield tag="955" ind1=" " ind2=" ">
    <subfield code="b">0036759287</subfield>
    <subfield code="d">glx</subfield>
    <subfield code="e">K .S57 1970</subfield>
  </datafield>
</record>
</collection>